<record><leader>00000cas a2200000 a 4500</leader><controlfield tag="001">12279145</controlfield><controlfield tag="008">850718d186519uuiluwr ne      0   a0eng c</controlfield><datafield ind1=" " ind2=" " tag="010"><subfield code="a">sn 85033805 </subfield></datafield><datafield ind1=" " ind2=" " tag="040"><subfield code="a">NPU</subfield><subfield code="b">eng</subfield><subfield code="c">NPU</subfield><subfield code="d">NVF</subfield><subfield code="d">CVF</subfield><subfield code="d">NVF</subfield><subfield code="d">OCLCQ</subfield><subfield code="d">OCLCF</subfield><subfield code="d">NVF</subfield><subfield code="d">OCLCO</subfield></datafield><datafield ind1="1" ind2=" " tag="029"><subfield code="a">AU@</subfield><subfield code="b">000025907605</subfield></datafield><datafield ind1=" " ind2=" " tag="042"><subfield code="a">pcc</subfield></datafield><datafield ind1=" " ind2=" " tag="043"><subfield code="a">n-us-il</subfield></datafield><datafield ind1="0" ind2=" " tag="130"><subfield code="a">Macomb journal (Macomb, Ill. : 1865)</subfield></datafield><datafield ind1="1" ind2="4" tag="245"><subfield code="a">The Macomb journal.</subfield></datafield><datafield ind1=" " ind2=" " tag="260"><subfield code="a">Macomb, Ill. :</subfield><subfield code="b">James K. Magie,</subfield><subfield code="c">1865-[19--?]</subfield></datafield><datafield ind1=" " ind2=" " tag="300"><subfield code="a">v.</subfield></datafield><datafield ind1=" " ind2=" " tag="310"><subfield code="a">Weekly</subfield></datafield><datafield ind1="0" ind2=" " tag="362"><subfield code="a">Vol. 10, no. 36 (June 30, 1865)-</subfield></datafield><datafield ind1=" " ind2=" " tag="530"><subfield code="a">Preservation microfilmed by the University of Illinois at Urbana-Champaign Library as part of the United States Newspaper Program; the years 1865-1909 (on 19 microfilm reels) are available for purchase from OCLC Preservation Service Centers.</subfield></datafield><datafield ind1=" " ind2=" " tag="580"><subfield code="a">Daily county fair ed.: Macomb daily journal (Macomb, Ill. : Fair ed.), 1868-&lt;&gt;</subfield></datafield><datafield ind1=" " ind2=" " tag="588"><subfield code="a">Latest issue consulted: Vol. 58, no. 19 (Dec. 30, 1909).</subfield></datafield><datafield ind1=" " ind2="0" tag="651"><subfield code="a">Macomb (Ill.)</subfield><subfield code="v">Newspapers.</subfield></datafield><datafield ind1=" " ind2="7" tag="651"><subfield code="a">Illinois</subfield><subfield code="z">Macomb.</subfield><subfield code="2">fast</subfield><subfield code="0">(OCoLC)fst01202916</subfield></datafield><datafield ind1=" " ind2="7" tag="655"><subfield code="a">Newspapers.</subfield><subfield code="2">fast</subfield><subfield code="0">(OCoLC)fst01423814</subfield></datafield><datafield ind1=" " ind2=" " tag="752"><subfield code="a">United States</subfield><subfield code="b">Illinois</subfield><subfield code="c">McDonough</subfield><subfield code="d">Macomb.</subfield></datafield><datafield ind1="1" ind2=" " tag="775"><subfield code="t">Macomb daily journal (Macomb, Ill. : Fair ed.)</subfield><subfield code="w">(DLC)sn 93055693</subfield><subfield code="w">(OCoLC)28101837</subfield></datafield><datafield ind1="0" ind2=" " tag="775"><subfield code="t">Macomb daily journal (Macomb, Ill. : 1895)</subfield><subfield code="w">(DLC)sn 93055694</subfield><subfield code="w">(OCoLC)28101928</subfield></datafield><datafield ind1="0" ind2="0" tag="780"><subfield code="t">Macomb weekly journal</subfield><subfield code="w">(DLC)sn 93055692</subfield><subfield code="w">(OCoLC)28101697</subfield></datafield></record>